@article{Reference1,
	Abstract = {We have developed an enhanced Littrow configuration extended cavity diode laser (ECDL) that can be tuned without changing the direction of the output beam. The output of a conventional Littrow ECDL is reflected from a plane mirror fixed parallel to the tuning diffraction grating. Using a free-space Michelson wavemeter to measure the laser wavelength, we can tune the laser over a range greater than 10 nm without any alteration of alignment.},
	Author = {C. J. Hawthorn and K. P. Weber and R. E. Scholten},
	Journal = {Review of Scientific Instruments},
	Month = {December},
	Number = {12},
	Numpages = {3},
	Pages = {4477--4479},
	Title = {Littrow Configuration Tunable External Cavity Diode Laser with Fixed Direction Output Beam},
	Volume = {72},
	Url = {http://link.aip.org/link/?RSI/72/4477/1},
	Year = {2001}}

@article{Reference3,
	Abstract = {Operating a laser diode in an extended cavity which provides frequency-selective feedback is a very effective method of reducing the laser's linewidth and improving its tunability. We have developed an extremely simple laser of this type, built from inexpensive commercial components with only a few minor modifications. A 780~nm laser built to this design has an output power of 80~mW, a linewidth of 350~kHz, and it has been continuously locked to a Doppler-free rubidium transition for several days.},
	Author = {A. S. Arnold and J. S. Wilson and M. G. Boshier},
	Journal = {Review of Scientific Instruments},
	Month = {March},
	Number = {3},
	Numpages = {4},
	Pages = {1236--1239},
	Title = {A Simple Extended-Cavity Diode Laser},
	Volume = {69},
	Url = {http://link.aip.org/link/?RSI/69/1236/1},
	Year = {1998}}

@article{Reference2,
	Abstract = {We present a review of the use of diode lasers in atomic physics with an extensive list of references. We discuss the relevant characteristics of diode lasers and explain how to purchase and use them. We also review the various techniques that have been used to control and narrow the spectral outputs of diode lasers. Finally we present a number of examples illustrating the use of diode lasers in atomic physics experiments. Review of Scientific Instruments is copyrighted by The American Institute of Physics.},
	Author = {Carl E. Wieman and Leo Hollberg},
	Journal = {Review of Scientific Instruments},
	Keywords = {Diode Laser},
	Month = {January},
	Number = {1},
	Numpages = {20},
	Pages = {1--20},
	Title = {Using Diode Lasers for Atomic Physics},
	Volume = {62},
	Url = {http://link.aip.org/link/?RSI/62/1/1},
	Year = {1991}}


@inproceedings{yianilos1993data,
  title={Data structures and algorithms for nearest neighbor search in general metric spaces},
  author={Yianilos, Peter N},
  booktitle={SODA},
  volume={93},
  number={194},
  pages={311--321},
  year={1993}
}

@incollection{song2001k,
  title={K-nearest neighbor search for moving query point},
  author={Song, Zhexuan and Roussopoulos, Nick},
  booktitle={Advances in Spatial and Temporal Databases},
  pages={79--96},
  year={2001},
  publisher={Springer}
}

@article{bentley1975multidimensional,
  title={Multidimensional binary search trees used for associative searching},
  author={Bentley, Jon Louis},
  journal={Communications of the ACM},
  volume={18},
  number={9},
  pages={509--517},
  year={1975},
  publisher={ACM}
}

@inproceedings{zhou2008real,
  title={Real-time KD-tree construction on graphics hardware},
  author={Zhou, Kun and Hou, Qiming and Wang, Rui and Guo, Baining},
  booktitle={ACM Transactions on Graphics (TOG)},
  volume={27},
  number={5},
  pages={126},
  year={2008},
  organization={ACM}
}

@article{megiddo1984linear,
  title={Linear programming in linear time when the dimension is fixed},
  author={Megiddo, Nimrod},
  journal={Journal of the ACM (JACM)},
  volume={31},
  number={1},
  pages={114--127},
  year={1984},
  publisher={ACM}
}

@incollection{battiato2000efficient,
  title={An efficient algorithm for the approximate median selection problem},
  author={Battiato, Sebastiano and Cantone, Domenico and Catalano, Dario and Cincotti, Gianluca and Hofri, Micha},
  booktitle={Algorithms and Complexity},
  pages={226--238},
  year={2000},
  publisher={Springer}
}

@article{flann_pami_2014,
  title={Scalable Nearest Neighbor Algorithms for High Dimensional Data},
  author={Marius Muja and David G. Lowe},
  journal={Pattern Analysis and Machine Intelligence, IEEE Transactions on},
  volume={36},
  year={2014},
  publisher={IEEE}
}

@article{van1976design,
  title={Design and implementation of an efficient priority queue},
  author={van Emde Boas, Peter and Kaas, Robert and Zijlstra, Erik},
  journal={Mathematical Systems Theory},
  volume={10},
  number={1},
  pages={99--127},
  year={1976},
  publisher={Springer}
}

@inproceedings{muja_flann_2009,
  author    = {Marius Muja and David G. Lowe},
  title     = {Fast Approximate Nearest Neighbors with Automatic Algorithm Configuration},
  booktitle = {International Conference on Computer Vision Theory and Application 
               VISSAPP'09)},
  publisher = {INSTICC Press},
  year      = {2009},
  pages     = {331-340}
}

@article{nelder1965simplex,
  title={A simplex method for function minimization},
  author={Nelder, John A and Mead, Roger},
  journal={The computer journal},
  volume={7},
  number={4},
  pages={308--313},
  year={1965},
  publisher={Br Computer Soc}
}

@inproceedings{hunt2006fast,
  title={Fast kd-tree construction with an adaptive error-bounded heuristic},
  author={Hunt, Warren and Mark, William R and Stoll, Gordon},
  booktitle={Interactive Ray Tracing 2006, IEEE Symposium on},
  pages={81--88},
  year={2006},
  organization={IEEE}
}

@inproceedings{silpa2008optimised,
  title={Optimised KD-trees for fast image descriptor matching},
  author={Silpa-Anan, Chanop and Hartley, Richard},
  booktitle={Computer Vision and Pattern Recognition, 2008. CVPR 2008. IEEE Conference on},
  pages={1--8},
  year={2008},
  organization={IEEE}
}

@article{hartigan1979algorithm,
  title={Algorithm AS 136: A k-means clustering algorithm},
  author={Hartigan, John A and Wong, Manchek A},
  journal={Applied statistics},
  pages={100--108},
  year={1979},
  publisher={JSTOR}
}

@article{finkel1974quad,
  title={Quad trees a data structure for retrieval on composite keys},
  author={Finkel, Raphael A. and Bentley, Jon Louis},
  journal={Acta informatica},
  volume={4},
  number={1},
  pages={1--9},
  year={1974},
  publisher={Springer}
}

@incollection{samet1988overview,
  title={An overview of quadtrees, octrees, and related hierarchical data structures},
  author={Samet, Hanan},
  booktitle={Theoretical Foundations of Computer Graphics and CAD},
  pages={51--68},
  year={1988},
  publisher={Springer}
}

@inproceedings{datar2004locality,
  title={Locality-sensitive hashing scheme based on p-stable distributions},
  author={Datar, Mayur and Immorlica, Nicole and Indyk, Piotr and Mirrokni, Vahab S},
  booktitle={Proceedings of the twentieth annual symposium on Computational geometry},
  pages={253--262},
  year={2004},
  organization={ACM}
}

@article{pauleve2010locality,
  title={Locality sensitive hashing: A comparison of hash function types and querying mechanisms},
  author={Paulev{\'e}, Lo{\"\i}c and J{\'e}gou, Herv{\'e} and Amsaleg, Laurent},
  journal={Pattern Recognition Letters},
  volume={31},
  number={11},
  pages={1348--1358},
  year={2010},
  publisher={Elsevier}
}

@article{slaney2008locality,
  title={Locality-sensitive hashing for finding nearest neighbors [lecture notes]},
  author={Slaney, Malcolm and Casey, Michael},
  journal={Signal Processing Magazine, IEEE},
  volume={25},
  number={2},
  pages={128--131},
  year={2008},
  publisher={IEEE}
}

@article{connor2010fast,
  title={Fast construction of k-nearest neighbor graphs for point clouds},
  author={Connor, Michael and Kumar, Piyush},
  journal={Visualization and Computer Graphics, IEEE Transactions on},
  volume={16},
  number={4},
  pages={599--608},
  year={2010},
  publisher={IEEE}
}

@inproceedings{hajebi2011fast,
  title={Fast approximate nearest-neighbor search with k-nearest neighbor graph},
  author={Hajebi, Kiana and Abbasi-Yadkori, Yasin and Shahbazi, Hossein and Zhang, Hong},
  booktitle={IJCAI Proceedings-International Joint Conference on Artificial Intelligence},
  volume={22},
  number={1},
  pages={1312},
  year={2011}
}

@article{cover1967nearest,
  title={Nearest neighbor pattern classification},
  author={Cover, Thomas and Hart, Peter},
  journal={Information Theory, IEEE Transactions on},
  volume={13},
  number={1},
  pages={21--27},
  year={1967},
  publisher={IEEE}
}

@book{manning2008introduction,
  title={Introduction to information retrieval},
  author={Manning, Christopher D and Raghavan, Prabhakar and Sch{\"u}tze, Hinrich},
  volume={1},
  year={2008},
  publisher={Cambridge university press Cambridge}
}

@inproceedings{boiman2008defense,
  title={In defense of nearest-neighbor based image classification},
  author={Boiman, Oren and Shechtman, Eli and Irani, Michal},
  booktitle={Computer Vision and Pattern Recognition, 2008. CVPR 2008. IEEE Conference on},
  pages={1--8},
  year={2008},
  organization={IEEE}
}

@article{danielsson1980euclidean,
  title={Euclidean distance mapping},
  author={Danielsson, Per-Erik},
  journal={Computer Graphics and image processing},
  volume={14},
  number={3},
  pages={227--248},
  year={1980},
  publisher={Elsevier}
}

@incollection{beyer1999nearest,
  title={When is “nearest neighbor” meaningful?},
  author={Beyer, Kevin and Goldstein, Jonathan and Ramakrishnan, Raghu and Shaft, Uri},
  booktitle={Database Theory—ICDT’99},
  pages={217--235},
  year={1999},
  publisher={Springer}
}

@article{aha1991instance,
  title={Instance-based learning algorithms},
  author={Aha, David W and Kibler, Dennis and Albert, Marc K},
  journal={Machine learning},
  volume={6},
  number={1},
  pages={37--66},
  year={1991},
  publisher={Springer}
}

@article{dickerson1990fixed,
  title={Fixed-radius near neighbors search algorithms for points and segments},
  author={Dickerson, Matthew T and Drysdale, R Scot},
  journal={Information Processing Letters},
  volume={35},
  number={5},
  pages={269--273},
  year={1990},
  publisher={Elsevier}
}

@article{cheadle2003analysis,
  title={Analysis of microarray data using Z score transformation},
  author={Cheadle, Chris and Vawter, Marquis P and Freed, William J and Becker, Kevin G},
  journal={The Journal of molecular diagnostics},
  volume={5},
  number={2},
  pages={73--81},
  year={2003},
  publisher={Elsevier}
}

@article{ousterhout1989beating,
  title={Beating the I/O bottleneck: A case for log-structured file systems},
  author={Ousterhout, John and Douglis, Fred},
  journal={ACM SIGOPS Operating Systems Review},
  volume={23},
  number={1},
  pages={11--28},
  year={1989},
  publisher={ACM}
}

@inproceedings{wald2006building,
  title={On building fast kd-trees for ray tracing, and on doing that in O (N log N)},
  author={Wald, Ingo and Havran, Vlastimil},
  booktitle={Interactive Ray Tracing 2006, IEEE Symposium on},
  pages={61--69},
  year={2006},
  organization={IEEE}
}

@article{nitzberg1991distributed,
  title={Distributed shared memory: A survey of issues and algorithms},
  author={Nitzberg, Bill and Lo, Virginia},
  journal={Distributed Shared Memory-Concepts and Systems},
  pages={42--50},
  year={1991}
}

@article{cybenko1989dynamic,
  title={Dynamic load balancing for distributed memory multiprocessors},
  author={Cybenko, George},
  journal={Journal of parallel and distributed computing},
  volume={7},
  number={2},
  pages={279--301},
  year={1989},
  publisher={Elsevier}
}

@incollection{kaashoek2003koorde,
  title={Koorde: A simple degree-optimal distributed hash table},
  author={Kaashoek, M Frans and Karger, David R},
  booktitle={Peer-to-peer systems II},
  pages={98--107},
  year={2003},
  publisher={Springer}
}

@article{rogers1995supporting,
  title={Supporting dynamic data structures on distributed-memory machines},
  author={Rogers, Anne and Carlisle, Martin C and Reppy, John H and Hendren, Laurie J},
  journal={ACM Transactions on Programming Languages and Systems (TOPLAS)},
  volume={17},
  number={2},
  pages={233--263},
  year={1995},
  publisher={ACM}
}